<record><leader>00000cas a2200000 a 4500</leader><controlfield tag="001">36152091</controlfield><controlfield tag="008">970103d187719uumiuwr n       0    0eng c</controlfield><datafield ind1=" " ind2=" " tag="010"><subfield code="a">sn 96077437 </subfield></datafield><datafield ind1=" " ind2=" " tag="040"><subfield code="a">MHN</subfield><subfield code="b">eng</subfield><subfield code="c">MHN</subfield><subfield code="d">OCL</subfield><subfield code="d">OCLCQ</subfield><subfield code="d">OCLCF</subfield><subfield code="d">OCLCO</subfield><subfield code="d">OCLCA</subfield></datafield><datafield ind1="1" ind2=" " tag="029"><subfield code="a">AU@</subfield><subfield code="b">000013023200</subfield></datafield><datafield ind1=" " ind2=" " tag="042"><subfield code="a">pcc</subfield></datafield><datafield ind1=" " ind2=" " tag="043"><subfield code="a">n-us-mi</subfield></datafield><datafield ind1="0" ind2=" " tag="130"><subfield code="a">Pontiac gazette (Pontiac, Mich. : 1877)</subfield></datafield><datafield ind1="1" ind2="0" tag="245"><subfield code="a">Pontiac gazette.</subfield></datafield><datafield ind1=" " ind2=" " tag="260"><subfield code="a">Pontiac, Oakland Co., Mich. :</subfield><subfield code="b">Pontiac Gazette Co.</subfield></datafield><datafield ind1=" " ind2=" " tag="300"><subfield code="a">v.</subfield></datafield><datafield ind1=" " ind2=" " tag="310"><subfield code="a">Weekly</subfield></datafield><datafield ind1="0" ind2=" " tag="362"><subfield code="a">Vol. 34, no. 13 (Mar. 30, 1877) = whole no. 1730-</subfield></datafield><datafield ind1=" " ind2=" " tag="500"><subfield code="a">Some issues included supplement: Pontiac gazette jr.</subfield></datafield><datafield ind1=" " ind2=" " tag="515"><subfield code="a">Whole numbering dropped with Vol. 61, no. 37 (Sept. 11, 1896).</subfield></datafield><datafield ind1=" " ind2=" " tag="515"><subfield code="a">Issue called vol. 71, no. 2 (Jan. 6, 1903) but constitutes v. 71, no. 2 (Jan. 6, 1904).</subfield></datafield><datafield ind1=" " ind2=" " tag="580"><subfield code="a">Daily ed.: Pontiac daily gazette.</subfield></datafield><datafield ind1=" " ind2="0" tag="651"><subfield code="a">Pontiac (Mich.)</subfield><subfield code="v">Newspapers.</subfield></datafield><datafield ind1=" " ind2="0" tag="651"><subfield code="a">Oakland County (Mich.)</subfield><subfield code="v">Newspapers.</subfield></datafield><datafield ind1=" " ind2="7" tag="655"><subfield code="a">Newspapers.</subfield><subfield code="2">fast</subfield><subfield code="0">(OCoLC)fst01423814</subfield></datafield><datafield ind1=" " ind2="7" tag="651"><subfield code="a">Michigan</subfield><subfield code="z">Oakland County.</subfield><subfield code="2">fast</subfield><subfield code="0">(OCoLC)fst01214740</subfield></datafield><datafield ind1=" " ind2="7" tag="651"><subfield code="a">Michigan</subfield><subfield code="z">Pontiac.</subfield><subfield code="2">fast</subfield><subfield code="0">(OCoLC)fst01215398</subfield></datafield><datafield ind1=" " ind2=" " tag="752"><subfield code="a">United States</subfield><subfield code="b">Michigan</subfield><subfield code="c">Oakland</subfield><subfield code="d">Pontiac.</subfield></datafield><datafield ind1="1" ind2=" " tag="775"><subfield code="t">Pontiac daily gazette</subfield><subfield code="w">(DLC)sn 96077442</subfield><subfield code="w">(OCoLC)36152166</subfield></datafield><datafield ind1="0" ind2="0" tag="780"><subfield code="t">Pontiac weekly gazette (Pontiac, Mich. : 1869)</subfield><subfield code="w">(DLC)sn 96077441</subfield><subfield code="w">(OCoLC)36152054</subfield></datafield><datafield ind1="0" ind2="5" tag="780"><subfield code="t">Pontiac Republican</subfield><subfield code="w">(DLC)sn 96077438</subfield><subfield code="w">(OCoLC)36147777</subfield></datafield></record>